@article{turkyilmazoglu2021explicit,
  title={Explicit formulae for the peak time of an epidemic from the SIR model},
  author={Turkyilmazoglu, Mustafa},
  journal={Physica D: Nonlinear Phenomena},
  volume={422},
  pages={132902},
  year={2021},
  publisher={Elsevier}
}

@article{li2020modeling,
  title={Modeling the impact of mass influenza vaccination and public health interventions on COVID-19 epidemics with limited detection capability},
  author={Li, Qian and Tang, Biao and Bragazzi, Nicola Luigi and Xiao, Yanni and Wu, Jianhong},
  journal={Mathematical biosciences},
  volume={325},
  pages={108378},
  year={2020},
  publisher={Elsevier}
}

@article{dijkstra2023dynamic,
  title={Dynamic fair balancing of COVID-19 patients over hospitals based on forecasts of bed occupancy},
  author={Dijkstra, Sander and Baas, Stef and Braaksma, Aleida and Boucherie, Richard J},
  journal={Omega},
  volume={116},
  pages={102801},
  year={2023},
  publisher={Elsevier}
}

@article{yin2023covid,
  title={COVID-19: Data-driven optimal allocation of ventilator supply under uncertainty and risk},
  author={Yin, Xuecheng and B{\"u}y{\"u}ktahtak{\i}n, {\.I} Esra and Patel, Bhumi P},
  journal={European journal of operational research},
  volume={304},
  number={1},
  pages={255--275},
  year={2023},
  publisher={Elsevier}
}

@article{valizadeh2023designing,
  title={Designing an optimization model for the vaccine supply chain during the COVID-19 pandemic},
  author={Valizadeh, Jaber and Boloukifar, Shadi and Soltani, Sepehr and Hookerd, Ehsan Jabalbarezi and Fouladi, Farzaneh and Rushchtc, Anastasia Andreevna and Du, Bo and Shen, Jun},
  journal={Expert Systems with Applications},
  volume={214},
  pages={119009},
  year={2023},
  publisher={Elsevier}
}

@article{moadab2023designing,
  title={Designing a sustainable-resilient-responsive supply chain network considering uncertainty in the COVID-19 era},
  author={Moadab, Amirhossein and Kordi, Ghazale and Paydar, Mohammad Mahdi and Divsalar, Ali and Hajiaghaei-Keshteli, Mostafa},
  journal={Expert Systems with Applications},
  volume={227},
  pages={120334},
  year={2023},
  publisher={Elsevier}
}

@article{cooper2020sir,
  title={A SIR model assumption for the spread of COVID-19 in different communities},
  author={Cooper, Ian and Mondal, Argha and Antonopoulos, Chris G},
  journal={Chaos, Solitons \& Fractals},
  volume={139},
  pages={110057},
  year={2020},
  publisher={Elsevier}
}

@article{calafiore2020time,
  title={A time-varying SIRD model for the COVID-19 contagion in Italy},
  author={Calafiore, Giuseppe C and Novara, Carlo and Possieri, Corrado},
  journal={Annual reviews in control},
  volume={50},
  pages={361--372},
  year={2020},
  publisher={Elsevier}
}

@article{mo2021modeling,
  title={Modeling epidemic spreading through public transit using time-varying encounter network},
  author={Mo, Baichuan and Feng, Kairui and Shen, Yu and Tam, Clarence and Li, Daqing and Yin, Yafeng and Zhao, Jinhua},
  journal={Transportation Research Part C: Emerging Technologies},
  volume={122},
  pages={102893},
  year={2021},
  publisher={Elsevier}
}

@article{aydin2022analyses,
  title={Analyses on ICU and non-ICU capacity of government hospitals during the COVID-19 outbreak via multi-objective linear programming: An evidence from Istanbul},
  author={Aydin, Nezir and Cetinkale, Zeynep},
  journal={Computers in Biology and Medicine},
  volume={146},
  pages={105562},
  year={2022},
  publisher={Elsevier}
}

@article{miura2021optimal,
  title={Optimal vaccine allocation for COVID-19 in the Netherlands: A data-driven prioritization},
  author={Miura, Fuminari and Leung, Ka Yin and Klinkenberg, Don and Ainslie, Kylie EC and Wallinga, Jacco},
  journal={PLoS computational biology},
  volume={17},
  number={12},
  pages={e1009697},
  year={2021},
  publisher={Public Library of Science San Francisco, CA USA}
}

@article{waseel2024assessing,
  title={Assessing the dynamics and impact of COVID-19 vaccination on disease spread: A data-driven approach},
  author={Waseel, Farhad and Streftaris, George and Rudrusamy, Bhuvendhraa and Dass, Sarat C},
  journal={Infectious Disease Modelling},
  volume={9},
  number={2},
  pages={527--556},
  year={2024},
  publisher={Elsevier}
}

@article{olaboye2024optimizing,
  title={Optimizing healthcare resource allocation through data-driven demographic and psychographic analysis},
  author={Olaboye, JA},
  journal={Computer Science \& IT Research Journal},
  volume={5},
  number={6},
  pages={1488--1504},
  year={2024}
}

@article{han2014data,
  title={Data-driven allocation of vaccines for controlling epidemic outbreaks},
  author={Han, Shuo and Preciado, Victor M and Nowzari, Cameron and Pappas, George J},
  journal={arXiv preprint arXiv:1412.2144},
  year={2014}
}

@article{crokidakis2020modeling,
  title={Modeling the early evolution of the COVID-19 in Brazil: Results from a Susceptible--Infectious--Quarantined--Recovered (SIQR) model},
  author={Crokidakis, Nuno},
  journal={International Journal of Modern Physics C},
  volume={31},
  number={10},
  pages={2050135},
  year={2020},
  publisher={World Scientific}
}

@article{akbari2023data,
  title={Data-driven fair resource allocation for novel emerging epidemics: a COVID-19 Convalescent Plasma case study},
  author={Akbari-Moghaddam, Maryam and Li, Na and Down, Douglas G and Arnold, Donald M and Callum, Jeannie and B{\'e}gin, Philippe and Heddle, Nancy M},
  journal={INFOR: Information Systems and Operational Research},
  volume={61},
  number={4},
  pages={559--588},
  year={2023},
  publisher={Taylor \& Francis}
}

@inproceedings{mehrab2022data,
  title={Data-driven real-time strategic placement of mobile vaccine distribution sites},
  author={Mehrab, Zakaria and Wilson, Mandy L and Chang, Serina and Harrison, Galen and Lewis, Bryan and Telionis, Alex and Crow, Justin and Kim, Dennis and Spillmann, Scott and Peters, Kate and others},
  booktitle={Proceedings of the AAAI Conference on Artificial Intelligence},
  volume={36},
  number={11},
  pages={12573--12579},
  year={2022}
}

@inproceedings{chen2022effective,
  title={Effective social network-based allocation of covid-19 vaccines},
  author={Chen, Jiangzhuo and Hoops, Stefan and Marathe, Achla and Mortveit, Henning and Lewis, Bryan and Venkatramanan, Srinivasan and Haddadan, Arash and Bhattacharya, Parantapa and Adiga, Abhijin and Vullikanti, Anil and others},
  booktitle={Proceedings of the 28th ACM SIGKDD Conference on Knowledge Discovery and Data Mining},
  pages={4675--4683},
  year={2022}
}

@article{yinusa2023optimizing,
  title={Optimizing healthcare delivery: a model for staffing, patient assignment, and resource allocation},
  author={Yinusa, Ahmeed and Faezipour, Misagh},
  journal={Applied System Innovation},
  volume={6},
  number={5},
  pages={78},
  year={2023},
  publisher={MDPI}
}

@article{bennouna2023covid,
  title={COVID-19: Prediction, prevalence, and the operations of vaccine allocation},
  author={Bennouna, Amine and Joseph, Joshua and Nze-Ndong, David and Perakis, Georgia and Singhvi, Divya and Lami, Omar Skali and Spantidakis, Yannis and Thayaparan, Leann and Tsiourvas, Asterios},
  journal={Manufacturing \& Service Operations Management},
  volume={25},
  number={3},
  pages={1013--1032},
  year={2023},
  publisher={INFORMS}
}

@article{bertsimas2023data,
  title={Data-Driven COVID-19 Vaccine Development for Janssen},
  author={Bertsimas, Dimitris and Li, Michael Lingzhi and Liu, Xinggang and Xu, Jennings and Khan, Najat},
  journal={INFORMS Journal on Applied Analytics},
  volume={53},
  number={1},
  pages={70--84},
  year={2023},
  publisher={INFORMS}
}

@article{han2015data,
  title={Data-driven network resource allocation for controlling spreading processes},
  author={Han, Shuo and Preciado, Victor M and Nowzari, Cameron and Pappas, George J},
  journal={IEEE Transactions on Network Science and Engineering},
  volume={2},
  number={4},
  pages={127--138},
  year={2015},
  publisher={IEEE}
}

@article{calvetti2020metapopulation,
  title={Metapopulation network models for understanding, predicting, and managing the coronavirus disease COVID-19},
  author={Calvetti, Daniela and Hoover, Alexander P and Rose, Johnie and Somersalo, Erkki},
  journal={Frontiers in Physics},
  volume={8},
  pages={261},
  year={2020},
  publisher={Frontiers Media SA}
}

@inproceedings{ling2021multi,
  title={Multi-objective optimization of integrated civilian-military scheduling of medical supplies for epidemic prevention and control},
  author={Ling, Hai-Feng and Su, Zheng-Lian and Jiang, Xun-Lin and Zheng, Yu-Jun},
  booktitle={Healthcare},
  volume={9},
  number={2},
  pages={126},
  year={2021},
  organization={MDPI}
}

@article{alipour2021scheduling,
  title={Scheduling the COVID-19 vaccine distribution based on data-driven decision-making methods},
  author={Alipour-Vaezi, Mohammad and Tavakkoli-Moghadaam, Reza and Samieinasab, Mina},
  journal={Journal of Industrial Engineering and Management Studies},
  volume={8},
  number={2},
  pages={196--206},
  year={2021},
  publisher={Iran Center for Management Studies}
}

@article{arenas2020modeling,
  title={Modeling the spatiotemporal epidemic spreading of COVID-19 and the impact of mobility and social distancing interventions},
  author={Arenas, Alex and Cota, Wesley and G{\'o}mez-Garde{\~n}es, Jes{\'u}s and G{\'o}mez, Sergio and Granell, Clara and Matamalas, Joan T and Soriano-Pa{\~n}os, David and Steinegger, Benjamin},
  journal={Physical Review X},
  volume={10},
  number={4},
  pages={041055},
  year={2020},
  publisher={APS}
}

@article{du2021data,
  title={A data-driven optimization approach for multi-period resource allocation in cholera outbreak control},
  author={Du, Mu and Sai, Aditya and Kong, Nan},
  journal={European Journal of Operational Research},
  volume={291},
  number={3},
  pages={1106--1116},
  year={2021},
  publisher={Elsevier}
}

@article{eriskin2024robust,
  title={A robust multi-objective model for healthcare resource management and location planning during pandemics},
  author={Eriskin, Levent and Karatas, Mumtaz and Zheng, Yu-Jun},
  journal={Annals of Operations Research},
  volume={335},
  number={3},
  pages={1471--1518},
  year={2024},
  publisher={Springer}
}

@article{hong2024data,
  title={A data-driven spatially-specific vaccine allocation framework for COVID-19},
  author={Hong, Zhaofu and Li, Yingjie and Gong, Yeming and Chen, Wanying},
  journal={Annals of Operations Research},
  volume={339},
  number={1},
  pages={203--226},
  year={2024},
  publisher={Springer}
}

@article{bertsimas2021predictions,
  title={From predictions to prescriptions: A data-driven response to COVID-19},
  author={Bertsimas, Dimitris and Boussioux, Leonard and Cory-Wright, Ryan and Delarue, Arthur and Digalakis, Vassilis and Jacquillat, Alexandre and Kitane, Driss Lahlou and Lukin, Galit and Li, Michael and Mingardi, Luca and others},
  journal={Health care management science},
  volume={24},
  pages={253--272},
  year={2021},
  publisher={Springer}
}

@article{goel2021mobility,
  title={Mobility-based SIR model for complex networks: with case study Of COVID-19},
  author={Goel, Rahul and Bonnetain, Lo{\"\i}c and Sharma, Rajesh and Furno, Angelo},
  journal={Social Network Analysis and Mining},
  volume={11},
  pages={1--18},
  year={2021},
  publisher={Springer}
}

@article{giordano2020modelling,
  title={Modelling the COVID-19 epidemic and implementation of population-wide interventions in Italy},
  author={Giordano, Giulia and Blanchini, Franco and Bruno, Raffaele and Colaneri, Patrizio and Di Filippo, Alessandro and Di Matteo, Angela and Colaneri, Marta},
  journal={Nature medicine},
  volume={26},
  number={6},
  pages={855--860},
  year={2020},
  publisher={Nature Publishing Group}
}

@article{cabrera2021sir,
  title={An SIR-type epidemiological model that integrates social distancing as a dynamic law based on point prevalence and socio-behavioral factors},
  author={Cabrera, Maritza and C{\'o}rdova-Lepe, Fernando and Guti{\'e}rrez-Jara, Juan Pablo and Vogt-Geisse, Katia},
  journal={Scientific Reports},
  volume={11},
  number={1},
  pages={10170},
  year={2021},
  publisher={Nature Publishing Group UK London}
}

@phdthesis{shi2023data,
  title={A Data-Driven Optimization Model for Medical Resource Allocation during the Pandemic},
  author={Shi, Fangzhu},
  year={2023},
  school={Concordia University}
}

@article{markhorst2021data,
  title={A data-driven digital application to enhance the capacity planning of the covid-19 vaccination process},
  author={Markhorst, Berend and Zver, Tara and Malbasic, Nina and Dijkstra, Renze and Otto, Daan and van der Mei, Rob and Moeke, Dennis},
  journal={Vaccines},
  volume={9},
  number={10},
  pages={1181},
  year={2021},
  publisher={MDPI}
}

@article{ekici2014modeling,
  title={Modeling influenza pandemic and planning food distribution},
  author={Ekici, Ali and Keskinocak, P{\i}nar and Swann, Julie L},
  journal={Manufacturing \& Service Operations Management},
  volume={16},
  number={1},
  pages={11--27},
  year={2014},
  publisher={Informs}
}

@article{sarkar2021covid,
  title={COVID-19 outbreak: A data-driven optimization model for allocation of patients},
  author={Sarkar, Sobhan and Pramanik, Anima and Maiti, Jhareswar and Reniers, Genserik},
  journal={Computers \& Industrial Engineering},
  volume={161},
  pages={107675},
  year={2021},
  publisher={Elsevier}
}

@phdthesis{zhalechian2022data,
  title={Data-Driven Learning and Resource Allocation in Healthcare Operations Management},
  author={Zhalechian, Mohammad},
  year={2022}
}

@article{queiroz2022impacts,
  title={Impacts of epidemic outbreaks on supply chains: mapping a research agenda amid the COVID-19 pandemic through a structured literature review},
  author={Queiroz, Maciel M and Ivanov, Dmitry and Dolgui, Alexandre and Fosso Wamba, Samuel},
  journal={Annals of operations research},
  volume={319},
  number={1},
  pages={1159--1196},
  year={2022},
  publisher={Springer}
}

@article{liu2013dynamic,
  title={Dynamic optimization model for allocating medical resources in epidemic controlling},
  author={Liu, Ming and Liang, Jiang},
  journal={Journal of Industrial Engineering and Management},
  volume={6},
  number={1},
  pages={73--88},
  year={2013},
  publisher={School of Industrial and Aeronautic Engineering of Terrassa (ETSEIAT~…}
}

@article{song2024robust,
  title={Robust optimization model of anti-epidemic supply chain under technological innovation: learning from COVID-19},
  author={Song, Malin and Yuan, Sai and Bo, Hongguang and Song, Jinbo and Pan, Xiongfeng and Jin, Kairui},
  journal={Annals of Operations Research},
  volume={335},
  number={3},
  pages={1331--1361},
  year={2024},
  publisher={Springer}
}

@article{liu2016dynamic,
  title={A dynamic logistics model for medical resources allocation in an epidemic control with demand forecast updating},
  author={Liu, Ming and Zhang, Ding},
  journal={Journal of the Operational Research Society},
  volume={67},
  number={6},
  pages={841--852},
  year={2016},
  publisher={Taylor \& Francis}
}

@article{nyiwul2021epidemic,
  title={Epidemic Control and Resource Allocation: Approaches and Implications for the Management of COVID-19},
  author={Nyiwul, Linus},
  journal={Studies in Microeconomics},
  volume={9},
  number={2},
  pages={283--305},
  year={2021},
  publisher={SAGE Publications Sage India: New Delhi, India}
}

@article{kasaie2013simulation,
  title={Simulation optimization for allocation of epidemic-control resources},
  author={Kasaie, Parastu and Kelton, W David},
  journal={IIE Transactions on Healthcare Systems Engineering},
  volume={3},
  number={2},
  pages={78--93},
  year={2013},
  publisher={Taylor \& Francis}
}

@article{lauer2020incubation,
  title={The incubation period of coronavirus disease 2019 (COVID-19) from publicly reported confirmed cases: estimation and application},
  author={Lauer, Stephen A and Grantz, Kyra H and Bi, Qifang and Jones, Forrest K and Zheng, Qulu and Meredith, Hannah R and Azman, Andrew S and Reich, Nicholas G and Lessler, Justin},
  journal={Annals of internal medicine},
  volume={172},
  number={9},
  pages={577--582},
  year={2020},
  publisher={American College of Physicians}
}

@article{meyerowitz2020systematic,
  title={A systematic review and meta-analysis of published research data on COVID-19 infection fatality rates},
  author={Meyerowitz-Katz, Gideon and Merone, Lea},
  journal={International Journal of Infectious Diseases},
  volume={101},
  pages={138--148},
  year={2020},
  publisher={Elsevier}
}

@article{koziol2020fractional,
  title={Fractional-order sir epidemic model for transmission prediction of covid-19 disease},
  author={Kozio{\l}, Kamil and Stanis{\l}awski, Rafa{\l} and Bialic, Grzegorz},
  journal={Applied Sciences},
  volume={10},
  number={23},
  pages={8316},
  year={2020},
  publisher={MDPI}
}

@article{hou2020effectiveness,
  title={The effectiveness of quarantine of Wuhan city against the Corona Virus Disease 2019 (COVID-19): A well-mixed SEIR model analysis},
  author={Hou, Can and Chen, Jiaxin and Zhou, Yaqing and Hua, Lei and Yuan, Jinxia and He, Shu and Guo, Yi and Zhang, Sheng and Jia, Qiaowei and Zhao, Chenhui and others},
  journal={Journal of medical virology},
  volume={92},
  number={7},
  pages={841--848},
  year={2020},
  publisher={Wiley Online Library}
}

@article{he2020seir,
  title={SEIR modeling of the COVID-19 and its dynamics},
  author={He, Shaobo and Peng, Yuexi and Sun, Kehui},
  journal={Nonlinear dynamics},
  volume={101},
  pages={1667--1680},
  year={2020},
  publisher={Springer}
}

@article{badr2020association,
  title={Association between mobility patterns and COVID-19 transmission in the USA: a mathematical modelling study},
  author={Badr, Hamada S and Du, Hongru and Marshall, Maximilian and Dong, Ensheng and Squire, Marietta M and Gardner, Lauren M},
  journal={The Lancet Infectious Diseases},
  volume={20},
  number={11},
  pages={1247--1254},
  year={2020},
  publisher={Elsevier}
}

@article{chang2021mobility,
  title={Mobility network models of COVID-19 explain inequities and inform reopening},
  author={Chang, Serina and Pierson, Emma and Koh, Pang Wei and Gerardin, Jaline and Redbird, Beth and Grusky, David and Leskovec, Jure},
  journal={Nature},
  volume={589},
  number={7840},
  pages={82--87},
  year={2021},
  publisher={Nature Publishing Group}
}

@inproceedings{chang2021supporting,
  title={Supporting covid-19 policy response with large-scale mobility-based modeling},
  author={Chang, Serina and Wilson, Mandy L and Lewis, Bryan and Mehrab, Zakaria and Dudakiya, Komal K and Pierson, Emma and Koh, Pang Wei and Gerardin, Jaline and Redbird, Beth and Grusky, David and others},
  booktitle={Proceedings of the 27th ACM SIGKDD Conference on Knowledge Discovery \& Data Mining},
  pages={2632--2642},
  year={2021}
}

@article{tavana2021mathematical,
  title={A mathematical programming approach for equitable COVID-19 vaccine distribution in developing countries},
  author={Tavana, Madjid and Govindan, Kannan and Nasr, Arash Khalili and Heidary, Mohammad Saeed and Mina, Hassan},
  journal={Annals of Operations Research},
  pages={1--34},
  year={2021},
  publisher={Springer}
}

@article{buckner2021dynamic,
  title={Dynamic prioritization of COVID-19 vaccines when social distancing is limited for essential workers},
  author={Buckner, Jack H and Chowell, Gerardo and Springborn, Michael R},
  journal={Proceedings of the National Academy of Sciences},
  volume={118},
  number={16},
  pages={e2025786118},
  year={2021},
  publisher={National Acad Sciences}
}

@article{jentsch2021prioritising,
  title={Prioritising COVID-19 vaccination in changing social and epidemiological landscapes: a mathematical modelling study},
  author={Jentsch, Peter C and Anand, Madhur and Bauch, Chris T},
  journal={The Lancet Infectious Diseases},
  volume={21},
  number={8},
  pages={1097--1106},
  year={2021},
  publisher={Elsevier}
}

@article{foy2021comparing,
  title={Comparing COVID-19 vaccine allocation strategies in India: A mathematical modelling study},
  author={Foy, Brody H and Wahl, Brian and Mehta, Kayur and Shet, Anita and Menon, Gautam I and Britto, Carl},
  journal={International Journal of Infectious Diseases},
  volume={103},
  pages={431--438},
  year={2021},
  publisher={Elsevier}
}

@article{tennenholtz2020sequential,
  title={Sequential vaccination for containing epidemics},
  author={Tennenholtz, Guy and Caramanis, Constantine and Mannor, Shie},
  journal={medRxiv},
  pages={2020--04},
  year={2020},
  publisher={Cold Spring Harbor Laboratory Press}
}

@article{govindan2020decision,
  title={A decision support system for demand management in healthcare supply chains considering the epidemic outbreaks: A case study of coronavirus disease 2019 (COVID-19)},
  author={Govindan, Kannan and Mina, Hassan and Alavi, Behrouz},
  journal={Transportation Research Part E: Logistics and Transportation Review},
  volume={138},
  pages={101967},
  year={2020},
  publisher={Elsevier}
}

@article{anastassopoulou2020data,
  title={Data-based analysis, modelling and forecasting of the COVID-19 outbreak},
  author={Anastassopoulou, Cleo and Russo, Lucia and Tsakris, Athanasios and Siettos, Constantinos},
  journal={PloS one},
  volume={15},
  number={3},
  pages={e0230405},
  year={2020},
  publisher={Public Library of Science San Francisco, CA USA}
}

@article{manupati2021convalescent,
  title={Convalescent plasma bank facility location-allocation problem for COVID-19},
  author={Manupati, Vijaya Kumar and Schoenherr, Tobias and Wagner, Stephan M and Soni, Bhanushree and Panigrahi, Suraj and Ramkumar, M},
  journal={Transportation Research Part E: Logistics and Transportation Review},
  volume={156},
  pages={102517},
  year={2021},
  publisher={Elsevier}
}

@article{chen2021prioritizing,
  title={Prioritizing allocation of COVID-19 vaccines based on social contacts increases vaccination effectiveness},
  author={Chen, Jiangzhuo and Hoops, Stefan and Marathe, Achla and Mortveit, Henning and Lewis, Bryan and Venkatramanan, Srinivasan and Haddadan, Arash and Bhattacharya, Parantapa and Adiga, Abhijin and Vullikanti, Anil and others},
  journal={MedRxiv},
  pages={2021--02},
  year={2021},
  publisher={Cold Spring Harbor Laboratory Press}
}

@misc{calvetti2021modeling,
  title={Modeling Epidemic Spread among a Commuting Population Using Transport Schemes. Mathematics 2021, 9, 1861},
  author={Calvetti, D and Hoover, AP and Rose, J and Somersalo, E},
  year={2021},
  publisher={s Note: MDPI stays neutral with regard to jurisdictional claims in published~…}
}

@article{mccormick1976computability,
  title={Computability of global solutions to factorable nonconvex programs: Part I—Convex underestimating problems},
  author={McCormick, Garth P},
  journal={Mathematical programming},
  volume={10},
  number={1},
  pages={147--175},
  year={1976},
  publisher={Springer}
}

@article{longini1986generalized,
  title={The generalized discrete-time epidemic model with immunity: a synthesis},
  author={Longini Jr, Ira M},
  journal={Mathematical biosciences},
  volume={82},
  number={1},
  pages={19--41},
  year={1986},
  publisher={Elsevier}
}

@article{ma2022cope,
  title={Cope with the COVID-19 pandemic: Dynamic bed allocation and patient subsidization in a public healthcare system},
  author={Ma, Xin and Zhao, Xue and Guo, Pengfei},
  journal={International Journal of Production Economics},
  volume={243},
  pages={108320},
  year={2022},
  publisher={Elsevier}
}

@article{hu2020hospital,
  title={Hospital bed allocation strategy based on queuing theory during the covid-19 epidemic},
  author={Hu, Jing and Hu, Gang and Cai, Jiantao and Xu, Lipeng and Wang, Qirun},
  journal={Cmc-Comput. Mater. Contin.},
  volume={66},
  pages={793--803},
  year={2020}
}

@article{klein2022covid,
  title={COVID-19 models for hospital surge capacity planning: a systematic review},
  author={Klein, Michael G and Cheng, Carolynn J and Lii, Evonne and Mao, Keying and Mesbahi, Hamza and Zhu, Tianjie and Muckstadt, John A and Hupert, Nathaniel},
  journal={Disaster medicine and public health preparedness},
  volume={16},
  number={1},
  pages={390--397},
  year={2022},
  publisher={Cambridge University Press}
}

@article{soroush2022study,
  title={A study of the evacuation and allocation of hospital beds during the Covid-19 epidemic: a case study in Iran},
  author={Soroush, F and Nabilou, B and Faramarzi, A and Yusefzadeh, H},
  journal={BMC Health Services Research},
  volume={22},
  number={1},
  pages={864},
  year={2022},
  publisher={Springer}
}

@article{guillon2021inter,
  title={Inter-regional transfers for pandemic surges were associated with reduced mortality rates},
  author={Guillon, Antoine and Laurent, Emeline and Godillon, Lucile and Kimmoun, Antoine and Grammatico-Guillon, Leslie},
  journal={Intensive Care Medicine},
  volume={47},
  number={7},
  pages={798--800},
  year={2021},
  publisher={Springer}
}


@article{della2020network,
  title={A network model of Italy shows that intermittent regional strategies can alleviate the COVID-19 epidemic},
  author={Della Rossa, Fabio and Salzano, Davide and Di Meglio, Anna and De Lellis, Francesco and Coraggio, Marco and Calabrese, Carmela and Guarino, Agostino and Cardona-Rivera, Ricardo and De Lellis, Pietro and Liuzza, Davide and others},
  journal={Nature communications},
  volume={11},
  number={1},
  pages={5106},
  year={2020},
  publisher={Nature Publishing Group UK London}
}

@article{parker2020optimal,
  title={Optimal resource and demand redistribution for healthcare systems under stress from COVID-19},
  author={Parker, Felix and Sawczuk, Hamilton and Ganjkhanloo, Fardin and Ahmadi, Farzin and Ghobadi, Kimia},
  journal={arXiv preprint arXiv:2011.03528},
  year={2020}
}

@inproceedings{abazari2024allocation,
  author       = {Abazari, Seyedreza and Alisan, Onur and Vanli, Omer Arda  and Ozguven, Eren Erman },
  title        = {Data-Driven Patient Allocation for Healthcare Facility Optimization Under Uncertainty with SIR Dynamics},
  booktitle    = {2024 IISE Annual Conference and Expo},
  year         = {2024},
  publisher    = {IISE},
  address      = {},
  month        = {May},
  day          = {19}
}

@misc{covid19pvi2023,
author = {NIEHS},
  title        = {COVID-19 PVI Data},
  howpublished = {\url{https://github.com/COVID19PVI/data/}},
  year         = {2023},
  note         = {Accessed: March 2023}
}

@misc{florida_covid19_hub2023,
 author = {USF},
  title        = {Florida COVID-19 Hub},
  howpublished = {\url{https://covid19-usflibrary.hub.arcgis.com/}},
  year         = {2023},
  note         = {Accessed: March 2023}
}

@misc{florida_department_of_health2023,
  title        = {Florida Department of Health},
  howpublished = {\url{https://www.floridahealth.gov/programs-and-services/emergencypreparedness-and-response/communitypreparedness/_documents/HCCMapwithEmails09202023.pdf}},
  year         = {2023},
  note         = {Accessed: March 2023}
}

@article{zheng2022real,
  title={Real-world effectiveness of COVID-19 vaccines: a literature review and meta-analysis},
  author={Zheng, Caifang and Shao, Weihao and Chen, Xiaorui and Zhang, Bowen and Wang, Gaili and Zhang, Weidong},
  journal={International journal of infectious diseases},
  volume={114},
  pages={252--260},
  year={2022},
  publisher={Elsevier}
}

@misc{FloridaHospitalAssociation2021,
  title        = {Florida COVID-19 Hospitalization Update},
  author       = {{Florida Hospital Association}},
  howpublished = {Online Resource},
  note         = {Accessed: 2021-08-10},
  year         = {2021},
  url          = {https://www.fha.org/Coronavirus}
}

@misc{FloridaDepartmentHealth2021,
  title        = {Florida Department of Health COVID-19 Response},
  author       = {{Florida Department of Health}},
  howpublished = {Online Dashboard},
  note         = {Accessed: 2021-08-10},
  year         = {2021},
  url          = {https://www.floridahealth.gov/programs-and-services/emergency-preparedness-and-response/covid-19/index.html}
}

@misc{CDCCOVIDDataTracker2025,
  title        = {CDC COVID Data Tracker – Total COVID-19 Deaths Map},
  author       = {{Centers for Disease Control and Prevention}},
  howpublished = {Online Dashboard},
  note         = {Accessed: 2025-05-15},
  year         = {2025},
  url          = {https://covid.cdc.gov/covid-data-tracker/#maps_deaths-total}
}
